<record><leader>00000cas a22000007a 4500</leader><controlfield tag="001">9472755</controlfield><controlfield tag="008">830503d18791880ohudn ne      0    0eng d</controlfield><datafield ind1=" " ind2=" " tag="010"><subfield code="a">sn 83045681 </subfield></datafield><datafield ind1=" " ind2=" " tag="040"><subfield code="a">CRL</subfield><subfield code="b">eng</subfield><subfield code="c">CRL</subfield><subfield code="d">NPW</subfield><subfield code="d">NPX</subfield><subfield code="d">DLC</subfield><subfield code="d">NPI</subfield><subfield code="d">ONP</subfield><subfield code="d">MFN</subfield><subfield code="d">ONP</subfield><subfield code="d">NVF</subfield><subfield code="d">OCLCQ</subfield><subfield code="d">CRL</subfield><subfield code="d">OCLCF</subfield><subfield code="d">DLC</subfield></datafield><datafield ind1=" " ind2=" " tag="042"><subfield code="a">msc</subfield></datafield><datafield ind1="0" ind2=" " tag="130"><subfield code="a">Times (Cincinnati, Ohio)</subfield></datafield><datafield ind1="0" ind2="4" tag="245"><subfield code="a">The times.</subfield></datafield><datafield ind1="1" ind2="3" tag="246"><subfield code="a">Cincinnati daily times</subfield></datafield><datafield ind1=" " ind2=" " tag="260"><subfield code="a">Cincinnati, Ohio :</subfield><subfield code="b">Cincinnati Times Co.</subfield></datafield><datafield ind1=" " ind2=" " tag="300"><subfield code="a">v.</subfield></datafield><datafield ind1=" " ind2=" " tag="310"><subfield code="a">Daily (except Sunday)</subfield></datafield><datafield ind1="0" ind2=" " tag="362"><subfield code="a">Vol. 62, no. 16,195 (Feb. 24, 1879)-v. 63, no. 18,301 (June 26, 1880).</subfield></datafield><datafield ind1=" " ind2="0" tag="651"><subfield code="a">Cincinnati (Ohio)</subfield><subfield code="v">Newspapers.</subfield></datafield><datafield ind1=" " ind2="0" tag="651"><subfield code="a">Hamilton County (Ohio)</subfield><subfield code="v">Newspapers.</subfield></datafield><datafield ind1=" " ind2="7" tag="651"><subfield code="a">Ohio</subfield><subfield code="z">Cincinnati.</subfield><subfield code="2">fast</subfield><subfield code="0">(OCoLC)fst01205142</subfield></datafield><datafield ind1=" " ind2="7" tag="651"><subfield code="a">Ohio</subfield><subfield code="z">Hamilton County.</subfield><subfield code="2">fast</subfield><subfield code="0">(OCoLC)fst01205597</subfield></datafield><datafield ind1=" " ind2="7" tag="655"><subfield code="a">Newspapers.</subfield><subfield code="2">fast</subfield><subfield code="0">(OCoLC)fst01423814</subfield></datafield><datafield ind1=" " ind2=" " tag="752"><subfield code="a">United States</subfield><subfield code="b">Ohio</subfield><subfield code="c">Hamilton</subfield><subfield code="d">Cincinnati.</subfield></datafield><datafield ind1="0" ind2=" " tag="775"><subfield code="t">Weekly Cincinnati times</subfield><subfield code="w">(DLC)sn 85025736</subfield><subfield code="w">(OCoLC)11906116</subfield></datafield><datafield ind1="0" ind2="0" tag="780"><subfield code="t">Cincinnati daily times (Cincinnati, Ohio : 1873)</subfield><subfield code="w">(DLC)sn 83045117</subfield><subfield code="w">(OCoLC)9472901</subfield></datafield><datafield ind1="0" ind2="7" tag="785"><subfield code="t">Cincinnati daily star</subfield><subfield code="x">2376-0397</subfield><subfield code="w">(DLC)sn 85025759</subfield><subfield code="w">(OCoLC)11898563</subfield></datafield><datafield ind1="0" ind2="7" tag="785"><subfield code="t">Cincinnati times-star (Cincinnati, Ohio : 1880)</subfield><subfield code="w">(DLC)sn 83045114</subfield><subfield code="w">(OCoLC)9308824</subfield></datafield><datafield ind1="1" ind2=" " tag="029"><subfield code="a">AU@</subfield><subfield code="b">000025817085</subfield></datafield></record>